<?xml version="1.0" encoding="UTF-8"?><collection xmlns="http://www.loc.gov/MARC21/slim"><record><leader>00528nam--2200109-i-4500</leader><controlfield tag="001">000036564</controlfield><controlfield tag="002">20161230</controlfield><controlfield tag="005">20161230201041</controlfield><controlfield tag="008">060222s1000------------r-----000-0-eng-d</controlfield><datafield ind1=" " ind2=" " tag="245"><subfield code="a">Plan d`allotissement des frequences aux stations cotieres radioitelephoniques fonctionant dans les bandes  et renseigenement s`y rapportant (voir l`article 7 du reglement). appendice 26 au reglement des radiocommunications, geneve, 1959</subfield></datafield><datafield ind1=" " ind2=" " tag="260"><subfield code="a">Geneve, Secretariat Generale De L`Union Internationale Des Telecommuniations, 1959, 33p</subfield></datafield><datafield ind1=" " ind2=" " tag="852"><subfield code="a">15982</subfield></datafield></record></collection>